<record><leader>00000cas a22000007a 4500</leader><controlfield tag="001">19892622</controlfield><controlfield tag="008">890619d19091915gauwr ne      0    0eng d</controlfield><datafield ind1=" " ind2=" " tag="010"><subfield code="a">sn 89053457 </subfield></datafield><datafield ind1=" " ind2=" " tag="040"><subfield code="a">NLG</subfield><subfield code="b">eng</subfield><subfield code="c">NLG</subfield><subfield code="d">GUA</subfield><subfield code="d">OCLCQ</subfield><subfield code="d">OCLCF</subfield><subfield code="d">OCLCO</subfield></datafield><datafield ind1="1" ind2=" " tag="029"><subfield code="a">AU@</subfield><subfield code="b">000040966467</subfield></datafield><datafield ind1=" " ind2=" " tag="042"><subfield code="a">msc</subfield></datafield><datafield ind1=" " ind2=" " tag="043"><subfield code="a">n-us-ga</subfield></datafield><datafield ind1="0" ind2="0" tag="245"><subfield code="a">Newnan herald &amp; advertiser.</subfield></datafield><datafield ind1="3" ind2="0" tag="246"><subfield code="a">Newnan herald and advertiser</subfield></datafield><datafield ind1=" " ind2=" " tag="260"><subfield code="a">Newnan, Ga. :</subfield><subfield code="b">Brown &amp; Parrott,</subfield><subfield code="c">1909-1915.</subfield></datafield><datafield ind1=" " ind2=" " tag="300"><subfield code="a">v.</subfield></datafield><datafield ind1=" " ind2=" " tag="310"><subfield code="a">Weekly</subfield></datafield><datafield ind1="0" ind2=" " tag="362"><subfield code="a">Vol. 44, no. 21 (Feb. 19, 1909)-50th year, no. 17 (Jan. 22, 1915).</subfield></datafield><datafield ind1=" " ind2=" " tag="530"><subfield code="a">Also on microfilm: Athens, Ga. : University of Georgia Libraries.</subfield></datafield><datafield ind1=" " ind2="0" tag="651"><subfield code="a">Newnan (Ga.)</subfield><subfield code="v">Newspapers.</subfield></datafield><datafield ind1=" " ind2="0" tag="651"><subfield code="a">Coweta County (Ga.)</subfield><subfield code="v">Newspapers.</subfield></datafield><datafield ind1=" " ind2="7" tag="655"><subfield code="a">Newspapers.</subfield><subfield code="2">fast</subfield><subfield code="0">(OCoLC)fst01423814</subfield></datafield><datafield ind1=" " ind2="7" tag="651"><subfield code="a">Georgia</subfield><subfield code="z">Coweta County.</subfield><subfield code="2">fast</subfield><subfield code="0">(OCoLC)fst01211861</subfield></datafield><datafield ind1=" " ind2="7" tag="651"><subfield code="a">Georgia</subfield><subfield code="z">Newnan.</subfield><subfield code="2">fast</subfield><subfield code="0">(OCoLC)fst01217765</subfield></datafield><datafield ind1=" " ind2=" " tag="752"><subfield code="a">United States</subfield><subfield code="b">Georgia</subfield><subfield code="c">Coweta</subfield><subfield code="d">Newnan.</subfield></datafield><datafield ind1="0" ind2="0" tag="780"><subfield code="t">Herald and advertiser (Newnan, Ga.)</subfield><subfield code="w">(DLC)sn 89053456</subfield><subfield code="w">(OCoLC)19892564</subfield></datafield><datafield ind1="0" ind2="7" tag="785"><subfield code="t">Newnan news</subfield><subfield code="w">(DLC)sn 89053459</subfield><subfield code="w">(OCoLC)19892740</subfield></datafield><datafield ind1="0" ind2="7" tag="785"><subfield code="t">Newnan herald (Newnan, Ga. : 1915)</subfield><subfield code="w">(DLC)sn 89053461</subfield><subfield code="w">(OCoLC)19892857</subfield></datafield></record>